@misc{ wiki:buzzword_def,
    author = "Википедия",
    title = "Модные слова",
    year = "2018",
    url = "https://ru.wikipedia.org/wiki/Модные_слова",
    note = "[Онлайн доступ 26-июня-2018]",
}

@misc{ wiki:captcha_def,
    author = "Википедия",
    title = "Капча",
    year = "2018",
    url = "https://ru.wikipedia.org/wiki/Капча",
    note = "[Онлайн доступ 27-июня-2018]",
}

@misc{ wiki:captcha_is_hard,
    author = "Википедия",
    title = "ReCAPTCHA",
    year = "2018",
    url = "https://en.wikipedia.org/wiki/ReCAPTCHA",
    note = "[Онлайн доступ 27-июня-2018]",
}

@misc{ wiki:ml_def,
	author = "Википедия",
	title = "Машинное обучение",
	year = "2018",
	url = "https://ru.wikipedia.org/wiki/Машинное_обучение",
	note = "[Онлайн доступ 21-февраля-2018]",
}

@misc{ wiki:clustering_def,
    author = "Википедия",
    title = "Кластерный анализ",
    year = "2018",
    url = "https://ru.wikipedia.org/wiki/Кластерный_анализ",
    note = "[Онлайн доступ 21-февраля-2018]",
}

@misc{ wiki:visualization_def,
    author = "Википедия",
    title = "Визуализация",
    year = "2018",
    url = "https://ru.wikipedia.org/wiki/Визуализация",
    note = "[Онлайн доступ 21-февраля-2018]",
}

@misc{ google:choose_recaptcha,
    author = "developers.google.com",
    title = "Choosing the type of reCAPTCHA",
    year = "2018",
    url = "https://developers.google.com/recaptcha/docs/versions#v1",
    note = "[Онлайн доступ 30-июня-2018]",
}

@misc{ chess_human_has_no_chance,
    author = "Popular Mechanics",
    title = "Checkmate, Human: How Computers Got So Good at Chess",
    year = "2016",
    url = "https://www.popularmechanics.com/technology/a19914/chess-computers/",
    note = "[Онлайн доступ 30-июня-2018]",
}

@misc{ go_is_hard,
    author = "habr.com",
    title = "Программа Zen обыграла в го профессионального игрока 9 дана с форой в 4 камня",
    year = "2012",
    url = "https://habr.com/post/140244/",
    note = "[Онлайн доступ 30-июня-2018]",
}

@misc{ go_is_hard2,
    author = "gouti.ru",
    title = "Робот в панике",
    year = "2011",
    url = "http://gouti.ru/2011/07/17/1/comments",
    note = "[Онлайн доступ 30-июня-2018]",
}